@book{eopl,
    title = {Essentials of Programming Languages},
    author = {Daniel P. Friedman Mitchell Wand},
    isbn = {978-0-262-06279-4},
    year = {2008},
    publisher = {MIT Press}
}

@book{compilers,
    title = {Compilers: Principles, Techniques, and Tools},
    author = {Alfred V. Aho Monica S. Lam Ravi Sethi Jeffrey D. Ullman},
    isbn = {0-321-48681-1},
    year = {2007},
    publisher = {Pearson Education}
}

@book{bison,
    title = {GNU Bison - The Yacc-compatible Parser Generator},
    author = {Free Software Foundation},
    year = {2019},
    publisher = {Free Software Foundation}
}

@book{flex,
    title = {Lexical Analysis With Flex, for Flex 2.6.3},
    author = {Vern Paxson Will Estes John Millaway},
    year = {2017}
}